4548 6054
362 653 895 749 ιιιιιιιιιιιιιιιιιιιιιιιιιιιιιι.Ι
930 659 1090 762 Hujus
1077 616 1198 769 igitur
1161 626 1444 769 ponderanti
1453 652 1763 768 magnitudinem
1775 656 2036 772 beneficiique

366 779 531 871 modum
539 769 767 861 conserendi
775 772 891 881 longe
900 774 1216 882 hbetalrffimurn
1223 777 1324 863 nihil
1338 782 1559 888 exoptatius
1569 778 1742 875 accidere
1752 798 2039 891 poteratquarn

334 944 342 959 ·
367 902 517 993 occafio
542 923 586 988 ιιι
603 899 851 986 exhiberetur
872 902 1115 1012 quantocyus
1141 902 1297 1014 publice
1321 904 1565 1012 declarandi,
1599 912 1676 992 TE
1697 906 1881 995 clientem
1901 902 2036 993 fovere
2089 990 2094 997 .

297 1068 302 1083 ¹
365 1059 478 1137 eum,
511 1056 581 1137 qua
597 1047 744 1140 grataan
761 1032 804 1112 in
821 1028 921 1115 bene
938 1036 1098 1116 rneritos
1114 1034 1392 1118 voluntatem
1379 971 1645 1119 invirtutibus
1665 1038 2034 1147 reputatprimariis.

260 1180 266 1185 ·
364 1160 476 1274 Quae
490 1154 676 1264 insperata
698 1156 974 1264 inopinataque
989 1184 1113 1261 quum
1133 1159 1212 1243 sese
1231 1160 1312 1243 hoc
1334 1179 1373 1243 te
1388 1185 1525 1270 rnpore
1546 1158 1648 1244 ιιιιιιι
1667 1154 1799 1244 offert:
1832 1158 1971 1241 videor
1995 1159 2054 1249 dr,
2145 1203 2147 1207 ι

361 1283 436 1367 hac
451 1282 614 1395 inpane
627 1276 981 1405 fortunamhabere
996 1279 1211 1380 faventernr
1236 1288 1519 1393 quoniam-non
1532 1290 1584 1372 ita
1595 1287 1722 1373 multo
1736 1284 1821 1395 poll
1832 1299 2034 1391 acceptum

362 1407 614 1512 beneficium,
635 1410 817 1515 pietatem
833 1433 927 1490 cum
940 1411 1034 1492 Tvr
1049 1412 1295 1494 veneratione
1311 1409 1459 1495 summa
1475 1411 1723 1516 conjuntlam
1737 1407 2034 1516 quodammodo

362 1533 782 1644 probare'conceditur.
831 1535 1057 1644 Nuptialem
1073 1535 1359 1621 solemnitatem
1377 1539 1445 1616 Vir
1463 1536 1686 1634 Nobiliffimra
1702 1560 1745 1619 ac
1760 1533 2055 1640 ipatirnfflmus„

359 1663 620 1751 NICOLAVS
636 1666 878 1765 PERSENT,
904 1665 947 1744 in
962 1685 1044 1766 quo
1060 1680 1191 1748 utrum
1204 1663 1447 1772 prudentiam
1462 1671 1584 1774 magis
1599 1665 1767 1770 laudern,
1789 1669 2034 1772 mpietatem

361 1788 583 1893 ceterasque
597 1788 670 1873 riri
686 1786 814 1894 probi,
838 1786 982 1891 quibus
996 1784 1168 1894 excellit,
1182 1791 1343 1899 virtutes
1357 1794 1589 1898 praedicem,
1605 1791 1748 1875 dubius
1763 1789 1917 1893 haereo,
1937 1792 2051 1891 jam-y

359 1915 439 2016 jam
452 1912 712 1999 celebraturus
726 1911 780 1995 est
794 1936 887 1995 curn
901 1908 1357 2018 filir‘rurnrtumrjore
1373 1903 1846 2021 Noiilrfflna'letiiffimaque
1864 1916 2032 2018 Virgine,
2094 1976 2099 1989 .

360 2041 519 2123 ANNA
527 2040 852 2122 ELlSABETHA
873 2039 939 2119 ST
939 2040 1171 2144 AMPEEL
1193 2063 1277 2123 non
1290 2039 1436 2125 minori
1451 2044 1626 2148 corporis
1642 2041 1836 2123 venustate
1851 2037 2032 2147 praedita,
2050 2142 2054 2149 v

139 2272 142 2281 ¹
267 2186 274 2201 “
359 2188 484 2275 quarn
491 2168 632 2249 mentis
652 2164 737 2271 piae
753 2165 980 2272 ingeniique
967 2159 1119 2253 eretti
1135 2099 1297 2249 dotibus
1314 2163 1581 2255 condecorata
1632 2165 1782 2250 Adsunt
1787 2170 1894 2274 ,qui
1909 2171 2032 2250 intua
2047 2228 2076 2235 ..
2146 2178 2149 2181 ’

359 2294 497 2375 vivunt
508 2290 700 2393 clientela
722 2306 938 2373 accurrunt
942 2288 1118 2394 certatim
1131 2290 1201 2398 pio
1214 2290 1366 2377 incitati
1382 2290 1537 2399 affeiiu,
1562 2310 1606 2377 ιιι
1621 2293 1726 2391 bona
1742 2292 1914 2397 laetaque
1929 2294 2031 2375 orni-

355 2406 440 2505 nati
454 2437 546 2504 vota
558 2440 631 2525 pro
644 2421 758 2519 Tua,
782 2440 855 2522 pro
870 2420 1057 2502 Tuorum
1074 2415 1116 2501 dr
1135 2409 1244 2502 felici
1256 2412 1378 2504 idere
1392 2436 1605 2526 nuptorum
1627 2418 1799 2515 absoluta
1822 2443 1942 2525 eaque
1963 2444 2031 2526 pe·

359 2549 470 2631 renni
498 2540 769 2649 incolumitate
795 2560 1021 2650 nuncupent
1046 2540 1224 2653 piiffima
1304 2544 1457 2629 Huic
1443 2546 1564 2653 igitur
1592 2531 1752 2650 turbae,
1791 2543 1934 2628 laetitia
1961 2567 2034 2626 exo

359 2672 540 2793 saltanti,
579 2664 624 2752 ut
649 2695 713 2751 me
742 2692 929 2773 quoque,
964 2669 1037 2775 qui
1066 2667 1218 2753 ninius
1245 2667 1347 2754 cedo
1367 2666 1533 2793 ιιιιιιιιι,
1568 2673 1709 2778 pietate
1739 2687 1869 2754 autern
1904 2672 2031 2755 nenti·

358 2810 414 2910 ni,
444 2796 701 2898 immisceant,
719 2812 847 2902 patere
864 2816 936 2898 pro
951 2788 1089 2904 insigni
1101 2772 1485 2905 Tuahunrnirate,
1500 2799 1729 2888 FAVTOR
1742 2795 2029 2881 OBSERVAN·
2062 2878 2066 2885 ,
2160 2776 2167 2798 ’

359 2927 563 3010 TISSIME
591 2922 869 3004 COLENDE:
907 2944 982 3001 nec
1004 2916 1210 3027 asperneris
1234 2936 1353 3005 tenue
1370 2921 1650 3009 munusculum
1667 2914 1932 3033 nuptiale,
1895 2945 1919 3004 a
1949 2925 2027 3033 pri
2047 2956 2050 2965 ·
2094 2990 2101 3001 .

358 3052 434 3138 scas
442 3051 623 3137 Graecrae
632 3048 811 3147 Latrrque
829 3043 972 3130 incolis
984 3062 1168 3129 mutuum
1184 3043 1370 3154 sumtum,
1383 3050 1493 3196 quod
1510 3075 1623 3134 more
1631 3051 1899 3134 aomanorum
1906 3046 2027 3141 dero·

356 3158 496 3267 affini
505 3166 657 3258 clientis
672 3189 798 3279 partes
811 3169 1107 3277 quodammodo
1123 3167 1347 3279 expleturas
1367 3176 1431 3283 pia
1445 3175 1585 3284 pariter
1604 3172 1723 3261 manu
1746 3186 1942 3261 remonte
1963 3168 2026 3256 os·
2041 3242 2046 3259 ‚
2112 3210 2117 3217 ·

142 3276 146 3283 .
203 3344 210 3351 a
261 3296 266 3311 ·
356 3302 459 3396 fem
473 3301 652 3387 sustineo
704 3300 862 3379 uranum
874 3302 981 3381 Tlssl
997 3290 1083 3385 ano
1091 3303 1274 3392 Cinaram
1297 3323 1382 3387 mea
1390 3299 1650 3410 quancunque
1664 3325 1855 3413 operrerr
1853 3300 2026 3389 denfilli.
2095 3362 2101 3375 .

357 3434 435 3517 ntia
448 3426 662 3514 oblivionis
676 3388 932 3526 tenebris,.in
949 3424 1093 3529 quibus
1106 3425 1177 3508 diu
1196 3424 1756 3534 multumquedelituitabdita
1773 3429 1812 3514 dr
1827 3427 1948 3511 veluti
1968 3433 2025 3517 se·
2085 3468 2097 3487 ι
2262 3410 2263 3503 i

356 3552 478 3667 pulta,
501 3554 730 3654 itaerutom,
755 3569 800 3635 ut
816 3578 896 3633 non
912 3551 1037 3635 modo
1052 3557 1092 3635 in
1109 3554 1193 3655 ejus
1210 3549 1471 3658 inquiliverim
1487 3555 1670 3661 origines,
1691 3551 1757 3636 sed
1770 3554 1887 3635 etiam
1902 3549 2046 3659 sagn,

355 3683 395 3782 ‚la
405 3699 603 3770 momenta
618 3678 759 3775 cultus,
784 3703 937 3764 avanae
960 3678 1425 3785 religionissediatoribus
1440 3675 1509 3789 ipl’r
1522 3680 1703 3786 exhibiti,
1719 3684 1878 3763 rimatus
1895 3680 2028 3760 unius·

355 3808 546 3917 cuiusque
560 3801 704 3893 caussas
719 3822 833 3912 atque
846 3811 1027 3909 rationes,
1046 3826 1232 3911 qnantum
1249 3811 1291 3889 in
1306 3804 1372 3890 illa
1386 3831 1515 3891 rerum
1528 3805 1770 3912 antiquarunt
1782 3805 2027 3912 ignoratione

355 3934 606 4049 fleripotuit,
627 3931 812 4016 exhibere
826 3929 969 4013 fuerim
987 3933 1113 4025 ιιιιιιι
1128 3918 1289 4018 'utinam
1305 3948 1448 4016 conatu
1460 3956 1543 4016 non
1559 3930 1713 4039 prorsus
1730 3931 1852 4015 irrito.
1904 3930 2026 4031 Equi·
2067 4004 2070 4013 ,
2097 4014 2101 4027 ,

355 4054 448 4144 dem
470 4052 558 4143 fore
572 4054 821 4163 complures,
846 4059 916 4159 qui
931 4055 1057 4138 levem
1073 4059 1173 4140 hanc
1189 4061 1389 4155 materian
1401 4055 1650 4163 judicabunt,
1673 4082 1747 4143 nec
1761 4057 1850 4141 satir
1865 4051 2024 4163 dignam
2067 4107 2070 4113 =

224 4169 243 4289 f
353 4184 447 4272 Tua
463 4184 540 4270 viri
562 4179 707 4271 summi
728 4179 908 4288 persona,
931 4204 1013 4262 non
1036 4197 1116 4263 tarn
1137 4183 1333 4287 conjicio,
1355 4205 1475 4285 quam
1495 4192 1626 4290 potius
1651 4183 1790 4293 pulcre·
1803 4177 2022 4295 praevideo.

353 4306 512 4413 Verum,
533 4308 578 4393 in
592 4306 667 4394 iilo
681 4303 887 4392 vaiiiffimo
902 4308 1187 4415 antiquitatum,
1210 4332 1304 4392 cum
1317 4304 1578 4414 orientalium,
1598 4326 1685 4391 tum
1697 4308 1932 4390 'Graecarum
1947 4305 2023 4393 Ro·

355 4434 657 4545 nranarumque,
682 4431 846 4543 corpore
861 4433 968 4517 nulla
984 4429 1067 4520 iere
1089 4432 1303 4524 ioccurrit
1316 4432 1523 4546 panicula,
1546 4437 1643 4540 quin
1658 4457 1764 4518 nunc
1779 4435 2024 4540 optimorum

354 4558 603 4674 scriptorum,
628 4586 735 4646 nnnc
749 4556 844 4646 sacri
866 4554 1020 4665 codicia
1038 4558 1370 4670 pandatsensumr
1407 4558 1547 4645 fiilios
1565 4556 1773 4665 pulcrum',
1804 4553 2025 4653 hunerero,

354 4690 496 4797 iulium
512 4684 566 4770 eli
580 4708 825 4790 aequumque
840 4681 1004 4793 intelligi
1026 4684 1074 4768 ab
1093 4683 1330 4769 hominibusv
1346 4683 1524 4766 litteratis
1546 4682 1586 4765 dr
1605 4676 1749 4764 Christi
1769 4678 2020 4787 sequentibus
2149 4702 2156 4715 ·

288 4843 293 4852 ·
353 4814 489 4906 castrare
525 4805 745 4913 lidenique
764 4811 889 4893 Diana
911 4807 1009 4894 haec
1030 4807 1154 4892 nostra
1179 4835 1201 4894 a
1228 4806 1341 4894 sacris
1364 4809 1585 4916 nuptiarum
1607 4802 1938 4909 solemnitatibus,
1976 4811 2022 4892 in

353 4931 855 5043 quibusolirnejusaiguit
869 4930 1018 5040 cultus,
1043 4936 1206 5029 minime
1224 4930 1435 5031 estaliena:
1461 4935 1605 5035 aTua,
1630 4932 1716 5015 Vlli
1739 4931 2018 5026 navarrus,

1485 5092 1495 5139 ¹
1732 5148 1739 5161 .
1889 5081 2019 5181 acqui-
